@Misc{1,
year = "2019",
author ="Marcin Namysl,Iuliu Konya ",
title=  "Efficient, Lexicon-Free OCR using Deep Learning",
howpublished ={\url{https://arxiv.org/abs/1906.01969}},
} 
@Misc{2,
year = "2015",
author ="Olaf Ronneberger, Philipp Fischer, Thomas Brox ",
title=  "U-Net: Convolutional Networks for Biomedical Image Segmentation",
howpublished ={\url{https://arxiv.org/abs/1505.04597}},
} 
@Misc{3,
year = "2019",
author ="Tobias Grüning, Gundram Leifert, Tobias Strauß, Johannes Michael, Roger Labahn",
title=  "ARU-Net: A Two-Stage Method for Text Line Detection in Historical Documents",
howpublished ={\url{https://arxiv.org/pdf/1802.03345.pdf}},
} 
@Misc{4,
year = "2015",
author ="Tobias Grüning, Gundram Leifert, Tobias Strauß, Johannes Michael, Roger Labahn",
title=  "Deep Residual Learning for Image Recognition",
howpublished ={\url{https://arxiv.org/abs/1512.03385}},
} 
@Misc{5,
year = "2019",
author ="Youngmin Baek, Bado Lee, Dongyoon Han, Sangdoo Yun, Hwalsuk Lee",
title=  "Character Region Awareness for Text Detection",
howpublished ={\url{https://arxiv.org/abs/1904.01941}},
} 

@Misc{6,
year = "2017",
author =" T. Grüning, R. Labahn, M. Diem, F. Kleber, S. Fiel",
title=  "READ-BAD: A New Dataset and Evaluation Scheme for Baseline Detection in Archival Documents",
howpublished ={\url{http://arxiv.org/abs/1705.03311}},
} 
